@INPROCEEDINGS{castello2008modelling,
    author = {Xavier Castelló and Víctor M. Eguíluz and Maxi San Miguel and Riitta Toivonen and J. Saramäki and K. Kaski},
    title = {Modelling language competition: bilingualism and complex social networks},
    booktitle = {In A. Smith et al. (Eds), The Evolution of Language (EVOLANG7)},
    year = {2008},
    pages = {59--66},
    publisher = {World Scientific}
}

@article{abrams2003linguistics,
  title={Linguistics: Modelling the dynamics of language death},
  author={Abrams, Daniel M and Strogatz, Steven H},
  journal={Nature},
  volume={424},
  number={6951},
  pages={900--900},
  year={2003},
  publisher={Nature Publishing Group}
}
@article{patriarca2012modeling,
  title={Modeling two-language competition dynamics},
  author={Patriarca, Marco and Castell{\'o}, Xavier and Uriarte, JR and Egu{\'\i}luz, V{\'\i}ctor M and San Miguel, Maxi},
  journal={Advances in Complex Systems},
  volume={15},
  number={03n04},
  pages={1250048},
  year={2012},
  publisher={World Scientific}
}
@article{barabasi1999emergence,
  title={Emergence of scaling in random networks},
  author={Barab{\'a}si, Albert-L{\'a}szl{\'o} and Albert, R{\'e}ka},
  journal={science},
  volume={286},
  number={5439},
  pages={509--512},
  year={1999},
  publisher={American Association for the Advancement of Science}
}
@article{watts1998collective,
  title={Collective dynamics of ‘small-world’networks},
  author={Watts, Duncan J and Strogatz, Steven H},
  journal={nature},
  volume={393},
  number={6684},
  pages={440--442},
  year={1998},
  publisher={Nature Publishing Group}
}
@misc{WinNT,
  title = {Mandarin vs. Cantonese: Which Chinese language should I learn?},
  author = {Guest Blogger},
  howpublished = {\url{https://www.brainscape.com/blog/2011/08/mandarin-vs-cantonese/}},
  note = {2015-11-17}
}
@article{saha2015complex,
  title={Complex Networks, Communities and Clustering: A survey},
  author={Saha, Biswajit and Mandal, Amitabha and Tripathy, Soumendu Bikas and Mukherjee, Debaprasad},
  journal={arXiv preprint arXiv:1503.06277},
  year={2015}
}